<record><leader>00000cas a22000007a 4500</leader><controlfield tag="001">7244112</controlfield><controlfield tag="008">810320d19792002nmumr ne      0   a0eng d</controlfield><datafield ind1=" " ind2=" " tag="010"><subfield code="a">sn 85003268 </subfield></datafield><datafield ind1=" " ind2=" " tag="040"><subfield code="a">IQU</subfield><subfield code="b">eng</subfield><subfield code="c">IQU</subfield><subfield code="d">NSD</subfield><subfield code="d">PPM</subfield><subfield code="d">NVM</subfield><subfield code="d">OCLCQ</subfield><subfield code="d">DLC</subfield><subfield code="d">OCLCQ</subfield><subfield code="d">OCLCF</subfield><subfield code="d">OCLCO</subfield></datafield><datafield ind1=" " ind2=" " tag="012"><subfield code="l">1</subfield></datafield><datafield ind1="1" ind2=" " tag="022"><subfield code="a">0885-8640</subfield><subfield code="l">0885-8640</subfield><subfield code="2">1</subfield></datafield><datafield ind1="1" ind2=" " tag="029"><subfield code="a">AU@</subfield><subfield code="b">000025795929</subfield></datafield><datafield ind1=" " ind2=" " tag="037"><subfield code="b">Magdalena Mountain Mail, P.O. Box 86, Magdalena, NM 87825</subfield></datafield><datafield ind1=" " ind2=" " tag="042"><subfield code="a">nsdp</subfield><subfield code="a">msc</subfield></datafield><datafield ind1=" " ind2=" " tag="043"><subfield code="a">n-us-nm</subfield></datafield><datafield ind1=" " ind2=" " tag="090"><subfield code="a">AN2</subfield><subfield code="b">.M3</subfield></datafield><datafield ind1="0" ind2=" " tag="130"><subfield code="a">Magdalena mountain mail (Magdalena, N.M. : 1979)</subfield></datafield><datafield ind1=" " ind2="0" tag="222"><subfield code="a">Magdalena mountain mail</subfield><subfield code="b">(1980)</subfield></datafield><datafield ind1="1" ind2="0" tag="245"><subfield code="a">Magdalena mountain mail.</subfield></datafield><datafield ind1=" " ind2=" " tag="260"><subfield code="a">Magdalena, N.M. :</subfield><subfield code="b">Bandar Log</subfield></datafield><datafield ind1=" " ind2=" " tag="300"><subfield code="a">v.</subfield></datafield><datafield ind1=" " ind2=" " tag="310"><subfield code="a">Weekly,</subfield><subfield code="b">1995-2002</subfield></datafield><datafield ind1=" " ind2=" " tag="321"><subfield code="a">Monthly</subfield></datafield><datafield ind1="1" ind2=" " tag="362"><subfield code="a">Began in 1979; ceased in 2002.</subfield></datafield><datafield ind1=" " ind2=" " tag="580"><subfield code="a">Incorporated: High country round-up (Magdalena, N.M.), issued in a weekly ed.: 1993-1995, then subsumed entirely, 1995-2002.</subfield></datafield><datafield ind1=" " ind2=" " tag="588"><subfield code="a">Description based on: Vol. 2, no. 1 (Nov. 1, 1980).</subfield></datafield><datafield ind1=" " ind2="0" tag="651"><subfield code="a">Magdalena (N.M.)</subfield><subfield code="v">Newspapers.</subfield></datafield><datafield ind1=" " ind2="0" tag="651"><subfield code="a">Socorro County (N.M.)</subfield><subfield code="v">Newspapers.</subfield></datafield><datafield ind1=" " ind2="7" tag="655"><subfield code="a">Newspapers.</subfield><subfield code="2">fast</subfield><subfield code="0">(OCoLC)fst01423814</subfield></datafield><datafield ind1=" " ind2="7" tag="651"><subfield code="a">New Mexico</subfield><subfield code="z">Magdalena.</subfield><subfield code="2">fast</subfield><subfield code="0">(OCoLC)fst01234103</subfield></datafield><datafield ind1=" " ind2="7" tag="651"><subfield code="a">New Mexico</subfield><subfield code="z">Socorro County.</subfield><subfield code="2">fast</subfield><subfield code="0">(OCoLC)fst01218291</subfield></datafield><datafield ind1=" " ind2=" " tag="752"><subfield code="a">United States</subfield><subfield code="b">New Mexico</subfield><subfield code="c">Socorro</subfield><subfield code="d">Magdalena.</subfield></datafield><datafield ind1="0" ind2="0" tag="785"><subfield code="t">Mountain mail (Magdalena, N.M.)</subfield><subfield code="w">(OCoLC)51767002</subfield></datafield><datafield ind1="1" ind2=" " tag="787"><subfield code="t">High country round-up</subfield><subfield code="w">(DLC)sn 95070501</subfield></datafield><datafield ind1=" " ind2=" " tag="936"><subfield code="a">July 27, 1985</subfield></datafield></record>